@inproceedings{Kerievsky:2004,
author = {Kerievsky, Joshua},
title = {{Refactoring to Patterns}},
booktitle = {Extreme Programming and Agile Methods - XP/Agile Universe 2004},
year = {2004},
editor = {Zannier, Carmen and Erdogmus, Hakan and Lindstrom, Lowell},
pages = {232--232},
publisher = {Springer Berlin Heidelberg},
address = {Berlin, Heidelberg}
}

